%! Author = Darie
%! Date = 15/09/2020

@inproceedings{adamu2017approach,
    title={An approach to failure prediction in a cloud based environment},
    author={Adamu, Hussaini and Mohammed, Bashir and Maina, Ali Bukar and Cullen, Andrea and Ugail, Hassan and Awan, Irfan},
    booktitle={2017 IEEE 5th International Conference on Future Internet of Things and Cloud (FiCloud)},
    pages={191--197},
    year={2017},
    organization={IEEE}
}

@article{bastos2014application,
    title={Application of data mining in a maintenance system for failure prediction},
    author={Bastos, Pedro and Lopes, Isabel and Pires, LCM},
    journal={Safety, Reliability and Risk Analysis: Beyond the Horizon: 22nd European Safety and Reliability},
    volume={1},
    pages={933--940},
    year={2014},
    publisher={Taylor \& Francis Group}
}

@article{baldoni2015line,
    title={On-line failure prediction in safety-critical systems},
    author={Baldoni, Roberto and Montanari, Luca and Rizzuto, Marco},
    journal={Future Generation Computer Systems},
    volume={45},
    pages={123--132},
    year={2015},
    publisher={Elsevier}
}

@online{bach2014,
    author = {M. Bach},
    title = {\textit{Impact of Temperature on Intel CPU Performance} {[Online]}},
    year = {2014},
    note = {\url{https://www.pugetsystems.com/labs/articles/Impact-of-Temperature-on-Intel-CPU-Performance-606/}
            [Accessed 07 November 2020]},
    urldate = {2020-11-07}
}

@online{bach2014hardware,
    author = {M. Bach},
    title = {\textit{Most Reliable PC Hardware 2018} {[Online]}},
    year = {2014},
    note = {\url{https://www.pugetsystems.com/labs/articles/Most-Reliable-PC-Hardware-of-2018-1322/}
    [Accessed 07 November 2020]},
    urldate = {2020-11-07}
}

@online{beal2020,
    author = {V. Beal},
    title = {\textit{CPU Definition & Meaning} {[Online]}},
    year = {2020},
    note = {\url{https://www.webopedia.com/TERM/C/CPU.html} [Accessed 07 November 2020]},
    urldate = {2020-11-07}
}

@online{javatpoint2018,
    author = {JavaTPoint},
    title = {\textit{Computer Network Architecture } {[Online]}},
    year = {2018},
    note = {\url{https://www.javatpoint.com/computer-network-architecture} [Accessed 07 November 2020]},
    urldate = {2020-11-07}
}

@online{klein2020,
    author = {A. Klein},
    title = {\textit{Backblaze Hard Drive Stats Q3 2020} {[Online]}},
    year = {2020},
    note = {\url{https://www.backblaze.com/blog/backblaze-hard-drive-stats-q3-2020/}
    [Accessed 07 November 2020]},
    urldate = {2020-11-07}
}

@online{neagu2019,
    author = {C. Neagu},
    title = {\textit{What are P2P (peer-to-peer) networks and what they are used for?} {[Online]}},
    year = {2019},
    note = {\url{https://www.digitalcitizen.life/what-is-p2p-peer-to-peer/}
    [Accessed 07 November 2020]},
    urldate = {2020-11-07}
}

@online{rouse2018,
    author = {M. Rouse},
    title = {\textit{Storage (computer storage)} {[Online]}},
    year = {2018},
    note = {\url{https://searchstorage.techtarget.com/definition/storage}
    [Accessed 07 November 2020]},
    urldate = {2020-11-07}
}

@online{rubens2019,
    author = {P. Rubens},
    title = {\textit{Types of Computer Memory} {[Online]}},
    year = {2019},
    note = {\url{https://www.enterprisestorageforum.com/storage-hardware/types-of-computer-memory.html}
    [Accessed 07 November 2020]},
    urldate = {2020-11-07}
}

@online{wright2018,
    author = {K. Wright-Whyte},
    title = {\textit{IT downtime costing businesses an average of Â£3.6 million per year} {[Online]}},
    year = {2018},
    note = {\url{https://www.accountsandlegal.co.uk/small-business-advice/it-downtime-costing-businesses
                 -an-average-of-3.6-million-per-year}
    [Accessed 07 November 2020]},
    urldate = {2020-11-07}
}

@online{cc2017,
    author = {{Tech Target}},
    title = {\textit{Command and Control (C&C) Server} {[Online]}},
    year = {2017},
    note = {\url{https://whatis.techtarget.com/definition/command-and-control-server-CC-server}
    [Accessed 17 April 2021]},
    urldate = {2021-04-17}
}

@online{tcp2020,
    author = {B. Lutkevich},
    title = {\textit{TCP (Transmission Control Protocol)} {[Online]}},
    year = {2020},
    note = {\url{https://searchnetworking.techtarget.com/definition/TCP}
    [Accessed 17 April 2021]},
    urldate = {2021-04-17}
}

@online{udp2020,
    author = {L. Rosencrance and G. Lawton and C. Moozakis},
    title = {\textit{TCP (UDP) (User Datagram Protocol)} {[Online]}},
    year = {2020},
    note = {\url{https://searchnetworking.techtarget.com/definition/UDP-User-Datagram-Protocol}
    [Accessed 17 April 2021]},
    urldate = {2021-04-17}
}

@online{neuro2021,
    author = {M. Jensen},
    title = {\textit{Predicting Hard Drive Failure with Machine Learning} {[Online]}},
    year = {2021},
    note = {\url{https://neurospace.io/blog/2018/10/predicting-hard-drive-failure-with-machine-learning/}
    [Accessed 07 February 2021]},
    urldate = {2021-04-07}
}

@online{tutorialspoint2021,
    author = {{Tutorials Point}},
    title = {\textit{What is Acceptance Testing?} {[Online]}},
    year = {2021},
    note = {\url{https://www.tutorialspoint.com/software_testing_dictionary/acceptance_testing.htm}
    [Accessed 23 April 2021]},
    urldate = {2021-04-23}
}

@online{bcs2021,
    author = {BCS},
    title = {\textit{BCS Code of Conduct} {[Online]}},
    year = {2021},
    note = {\url{https://www.bcs.org/membership/become-a-member/bcs-code-of-conduct/}
    [Accessed 23 April 2021]},
    urldate = {2021-04-23}
}

@online{swing2021,
    author = {{Tutorials Point}},
    title = {\textit{SWING Tutorial} {[Online]}},
    year = {2021},
    note = {\url{https://www.tutorialspoint.com/swing/index.htm}
    [Accessed 23 April 2021]},
    urldate = {2021-04-23}
}

@online{javafx2021,
    author = {{Tutorials Point}},
    title = {\textit{JavaFX Tutorial} {[Online]}},
    year = {2021},
    note = {\url{https://www.tutorialspoint.com/javafx/index.htm}
    [Accessed 23 April 2021]},
    urldate = {2021-04-23}
}

@online{csv2015,
    author = {{Super-CSV}},
    title = {\textit{Super-CSV 2.4.0 API} {[Online]}},
    year = {2015},
    note = {\url{https://super-csv.github.io/super-csv/apidocs/index.html}
    [Accessed 23 April 2021]},
    urldate = {2021-04-23}
}

@online{asm2018,
    author = {StackOverFlow},
    title = {\textit{How to Modify Constant Pool ASM?} {[Online]}},
    year = {2018},
    note = {\url{https://stackoverflow.com/questions/49442149/how-to-modify-constant-pool-using-asm}
    [Accessed 23 April 2021]},
    urldate = {2021-04-23}
}

@online{beach2014,
    author = {Brian Beach},
    title = {\textit{Hard Drive SMART Stats} {[Online]}},
    year = {2014},
    note = {\url{https://www.backblaze.com/blog/hard-drive-smart-stats/}
    [Accessed 23 April 2021]},
    urldate = {2021-04-23}
}

@online{backblaze2021,
    author = {Backblaze},
    title = {\textit{Hard Drive Data and Stats} {[Online]}},
    year = {2021},
    note = {\url{https://www.backblaze.com/b2/hard-drive-test-data.html}
    [Accessed 23 April 2021]},
    urldate = {2021-04-23}
}

@online{kaggle2019,
    author = {Kaggle},
    title = {\textit{Hard Drive Failure Prediction ST4000DM000} {[Online]}},
    year = {2019},
    note = {\url{https://www.kaggle.com/awant08/hard-drive-failure-prediction-st4000dm000}
    [Accessed 23 April 2021]},
    urldate = {2021-04-23}
}

@online{miglayout2019,
    author = {{Mig InfoCom AB}},
    title = {\textit{MigLayout Quick Start Guide v1.2.2} {[Online]}},
    year = {2011},
    note = {\url{http://www.miglayout.com/QuickStart.pdf}
    [Accessed 23 April 2021]},
    urldate = {2021-04-23}
}

@online{maven2021,
    author = {Apache},
    title = {\textit{Documentation} {[Online]}},
    year = {2021},
    note = {\url{https://maven.apache.org/guides}
    [Accessed 23 April 2021]},
    urldate = {2021-04-23}
}

@online{jfeonix2021,
    author = {JFoenix},
    title = {\textit{Documentation} {[Online]}},
    year = {2021},
    note = {\url{http://www.jfoenix.com/documentation.html}
    [Accessed 23 April 2021]},
    urldate = {2021-04-23}
}

@online{log4j2021,
    author = {Apache},
    title = {\textit{Appenders} {[Online]}},
    year = {2021},
    note = {\url{https://logging.apache.org/log4j/2.x/manual/appenders.html}
    [Accessed 23 April 2021]},
    urldate = {2021-04-23}
}

@inproceedings{botezatu2016predicting,
    title={Predicting disk replacement towards reliable data centers},
    author={Botezatu, Mirela Madalina and Giurgiu, Ioana and Bogojeska, Jasmina and Wiesmann, Dorothea},
    booktitle={Proceedings of the 22nd ACM SIGKDD International Conference on Knowledge Discovery and Data Mining},
    pages={39--48},
    year={2016}
}

@book{karlsson2005beyond,
    title={Beyond the C++ standard library: an introduction to boost},
    author={Karlsson, Bj{\"o}rn},
    year={2005},
    publisher={Pearson Education}
}

@book{anggoro2015boost,
    title={Boost. Asio C++ Network Programming},
    author={Anggoro, Wisnu and Torjo, John},
    year={2015},
    publisher={Packt Publishing Ltd}
}

@book{radchuk2016boost,
    title={Boost. Asio C++ network programming cookbook},
    author={Radchuk, Dmytro},
    year={2016},
    publisher={Packt Publishing Ltd}
}

@book{edgar2017research,
    title={Research methods for cyber security},
    author={Edgar, Thomas W and Manz, David O},
    year={2017},
    publisher={Syngress}
}

@article{fulp2008predicting,
    title={Predicting Computer System Failures Using Support Vector Machines.},
    author={Fulp, Errin W and Fink, Glenn A and Haack, Jereme N},
    journal={WASL},
    volume={8},
    pages={5--5},
    year={2008}
}

@book{reese2017java,
    title={Java: Data science made easy},
    author={Reese, Richard M and Reese, Jennifer L and Grigorev, Alexey},
    year={2017},
    publisher={Packt Publishing Ltd}
}

@book{grigorev2017mastering,
    title={Mastering Java for Data Science},
    author={Grigorev, Alexey},
    year={2017},
    publisher={Packt Publishing Ltd}
}

@article{he2020large,
    title={Large-Scale Disk Failure Prediction},
    author={He, Cheng and Feng, Mengling and Lee, Patrick PC and Wang, Pinghui and Han, Shujie and Liu, Yi},
    year={2020},
    publisher={Springer}
}

@book{reese2015learning,
    title={Learning Network Programming with Java},
    author={Reese, Richard M},
    year={2015},
    publisher={Packt Publishing Ltd}
}

@article{salfner2010survey,
    title={A survey of online failure prediction methods},
    author={Salfner, Felix and Lenk, Maren and Malek, Miroslaw},
    journal={ACM Computing Surveys (CSUR)},
    volume={42},
    number={3},
    pages={1--42},
    year={2010},
    publisher={ACM New York, NY, USA}
}

@inproceedings{sipos2014log,
    title={Log-based predictive maintenance},
    author={Sipos, Ruben and Fradkin, Dmitriy and Moerchen, Fabian and Wang, Zhuang},
    booktitle={Proceedings of the 20th ACM SIGKDD international conference on knowledge discovery and data mining},
    pages={1867--1876},
    year={2014}
}

@inproceedings{stearley2008bad,
    title={Bad words: Finding faults in spirit's syslogs},
    author={Stearley, Jon and Oliner, Adam J},
    booktitle={2008 Eighth IEEE International Symposium on Cluster Computing and the Grid (CCGRID)},
    pages={765--770},
    year={2008},
    organization={IEEE}
}

@book{wu2015cloud,
    title={Cloud Data Centers and Cost Modeling: A complete guide to planning, designing and building a cloud data center},
    author={Wu, Caesar and Buyya, Rajkumar},
    year={2015},
    publisher={Morgan Kaufmann}
}

@inproceedings{zhang2016automated,
    title={Automated IT system failure prediction: A deep learning approach},
    author={Zhang, Ke and Xu, Jianwu and Min, Martin Renqiang and Jiang, Guofei and Pelechrinis, Konstantinos and Zhang, Hui},
    booktitle={2016 IEEE International Conference on Big Data (Big Data)},
    pages={1291--1300},
    year={2016},
    organization={IEEE}
}

@book{weaver2014pro,
    title={Pro javafx 8: a definitive guide to building desktop, mobile, and embedded java clients},
    author={Weaver, James and Gao, Weiqi and Chin, Stephen and Iverson, Dean and Vos, Johan},
    year={2014},
    publisher={Apress}
}

@book{grinev2018mastering,
    title={Mastering JavaFX 10: Build advanced and visually stunning Java applications},
    author={Grinev, Sergey},
    year={2018},
    publisher={Packt Publishing Ltd}
}

@book{reilly2002java,
    title={Java network programming and distributed computing},
    author={Reilly, David and Reilly, Michael},
    year={2002},
    publisher={Addison-Wesley Professional}
}

@book{oaks1999java,
    title={Java threads},
    author={Oaks, Scott and Wong, Henry},
    year={1999},
    publisher={O'Reilly Media, Inc.}
}

@software{awscognito,
    author = {{Rafael M. Koike}},
    title = {aws-cognito-java-desktop-app},
    year = {2021},
    url = {https://github.com/aws-samples/aws-cognito-java-desktop-app},
    version = {1.0.0},
    date = {2021-04-17},
}

@software{javafxdoc,
    author = {{Oracle}},
    title = {JavaFX Documentation},
    year = {2021},
    url = {https://docs.oracle.com/javase/8/javafx/api/toc.htm},
    version = {1.0.0},
    date = {2021-04-17},
}

@software{jfoenixdemo,
    author = {{JFoenix}},
    title = {JFoenix Demo},
    year = {2021},
    url = {https://github.com/sshahine/JFoenix/tree/master/demo},
    version = {1.0.0},
    date = {2021-04-17},
}

@software{tilefxdemo,
    author = {{TileFX}},
    title = {TileFX Demo},
    year = {2020},
    url = {https://github.com/HanSolo/tilesfxdemo},
    version = {1.0.0},
    date = {2021-04-17},
}

@software{controlsfx,
    author = {{ControlsFX}},
    title = {ControlsFX 11.1.0 API},
    year = {2020},
    url = {https://controlsfx.github.io/javadoc/11.1.0/index.html},
    version = {1.0.0},
    date = {2021-04-17},
}

@book{joshua2001effective,
    title={Effective Java programming language guide},
    author={Joshua, Bloch},
    year={2001},
    publisher={Addison Wesley}
}